<record><leader>00000cas a22000007a 4500</leader><controlfield tag="001">11002649</controlfield><controlfield tag="008">840730c19579999wiuwr ne      0   a0eng d</controlfield><datafield ind1=" " ind2=" " tag="010"><subfield code="a">sn 84006522 </subfield></datafield><datafield ind1=" " ind2=" " tag="040"><subfield code="a">NSD</subfield><subfield code="b">eng</subfield><subfield code="c">NSD</subfield><subfield code="d">NPV</subfield><subfield code="d">NSD</subfield><subfield code="d">OCLCQ</subfield></datafield><datafield ind1=" " ind2=" " tag="012"><subfield code="j">0</subfield><subfield code="l">1</subfield><subfield code="m">1</subfield></datafield><datafield ind1="1" ind2=" " tag="022"><subfield code="a">0748-6863</subfield><subfield code="l">0748-6863</subfield><subfield code="2">1</subfield></datafield><datafield ind1=" " ind2=" " tag="032"><subfield code="a">607940</subfield><subfield code="b">USPS</subfield></datafield><datafield ind1=" " ind2=" " tag="037"><subfield code="b">Doug Lyke, 656 Douglas St., Ripon, WI 54971</subfield></datafield><datafield ind1=" " ind2=" " tag="042"><subfield code="a">nsdp</subfield></datafield><datafield ind1=" " ind2=" " tag="045"><subfield code="a">x5--</subfield></datafield><datafield ind1=" " ind2=" " tag="052"><subfield code="a">4123</subfield><subfield code="b">F6</subfield></datafield><datafield ind1=" " ind2="0" tag="222"><subfield code="a">Ripon commonwealth-press</subfield></datafield><datafield ind1="0" ind2="4" tag="245"><subfield code="a">The Ripon commonwealth-press.</subfield></datafield><datafield ind1=" " ind2=" " tag="260"><subfield code="a">Ripon, Wis. :</subfield><subfield code="b">C.J. &amp; F.W. Inversetti,</subfield><subfield code="c">1957-</subfield></datafield><datafield ind1=" " ind2=" " tag="300"><subfield code="a">v.</subfield></datafield><datafield ind1=" " ind2=" " tag="310"><subfield code="a">Weekly</subfield></datafield><datafield ind1="0" ind2=" " tag="362"><subfield code="a">93rd year, no. 16 (May 2, 1957)-</subfield></datafield><datafield ind1=" " ind2=" " tag="500"><subfield code="a">Publisher varies.</subfield></datafield><datafield ind1=" " ind2=" " tag="500"><subfield code="a">Editors: L. Starch, May 2, 1957-Oct. 12, 1967; J. Kleinhans, Oct. 19, 1967-June 11, 1969; D. Lyke, June 18-25, 1969; D. Colby, July 2, 1969-Aug. 25, 1971; G. Kemmeter, Sept. 1, 1971-Oct. 18, 1972; J. Small, Dec. 6, 1972-Aug. 21, 1974; P. Slattery, Aug. 24, 1974-Aug. 3, 1978; R. Nehring &amp; C. Rukavina, Aug. 17-31, 1978; C. Rukavina, Sept. 8, 1978-Oct. 11, 1979; T. Bolda, Oct. 18, 1979-Sept. 8, 1983; E. Doege, Sept. 25, 1983-March 21, 1985; S. Wittchow, March 28, 1985-</subfield></datafield><datafield ind1=" " ind2=" " tag="530"><subfield code="a">Available on microfilm from The State Historical Society of Wisconsin.</subfield></datafield><datafield ind1=" " ind2=" " tag="752"><subfield code="a">United States</subfield><subfield code="b">Wisconsin</subfield><subfield code="c">Fond du Lac</subfield><subfield code="d">Ripon.</subfield></datafield><datafield ind1="0" ind2="0" tag="780"><subfield code="t">Ripon commonwealth and Ripon weekly press</subfield><subfield code="w">(DLC)sn 86086442</subfield></datafield><datafield ind1="1" ind2=" " tag="029"><subfield code="a">AU@</subfield><subfield code="b">000025800172</subfield></datafield></record>